<?xml version="1.0" encoding="UTF-8"?><collection xmlns="http://www.loc.gov/MARC21/slim"><record><leader>00433nam--2200181-u-4500</leader><controlfield tag="001">000051178</controlfield><controlfield tag="002">20161230</controlfield><controlfield tag="005">20161230201049</controlfield><controlfield tag="008">080528s1000------------r-----000-0-eng-d</controlfield><datafield ind1=" " ind2=" " tag="040"><subfield code="a">IFIN-HH</subfield></datafield><datafield ind1=" " ind2=" " tag="080"><subfield code="a">513.731</subfield></datafield><datafield ind1="1" ind2=" " tag="100"><subfield code="a">Kobayasi,Sh. i Nomidzu,K</subfield></datafield><datafield ind1="1" ind2="0" tag="245"><subfield code="a">Osnovy Differentsialnoi Geometrii</subfield></datafield><datafield ind1=" " ind2=" " tag="260"><subfield code="a">Moskva</subfield><subfield code="b">Nauka</subfield><subfield code="c">1981</subfield></datafield><datafield ind1=" " ind2=" " tag="300"><subfield code="a">344 p</subfield></datafield><datafield ind1=" " ind2=" " tag="490"><subfield code="a">Tom 1</subfield></datafield><datafield ind1=" " ind2=" " tag="852"><subfield code="a">70011</subfield><subfield code="c">513</subfield></datafield><datafield ind1=" " ind2=" " tag="CAT"><subfield code="a">Sys</subfield><subfield code="c">20080528</subfield><subfield code="h">142938</subfield></datafield></record></collection>